@article{charvat2003project,
  title={Project management methodologies: selecting, implementing, and supporting methodologies and processes for projects},
  author={Charvat, Jason},
  year={2003},
  publisher={John Wiley {\&} Sons}
}

@article{STRAY2022107058,
  title = {Theories in Agile Software Development: Past, Present, and Future Introduction to the XP 2020 Special Section},
  journal = {Information and Software Technology},
  volume = {152},
  pages = {107058},
  year = {2022},
  issn = {0950-5849},
  doi = {https://doi.org/10.1016/j.infsof.2022.107058},
  url = {https://www.sciencedirect.com/science/article/pii/S0950584922001689},
  author = {Stray, Viktoria and Hoda, Rashina and Paasivaara, Maria and Lenarduzzi, Valentina and Mendez, Daniel},
  keywords = {agile software development, theories, grounded theory, review},
}

@article{zhao2014strategies,
  title={Strategies and methods for cloud migration},
  author={Zhao, Jun-Feng and Zhou, Jian-Tao},
  journal={International Journal of Automation and Computing},
  volume={11},
  number={2},
  pages={143--152},
  year={2014},
  publisher={Springer}
}

@article{manifesto2001manifesto,
  title={Manifesto for agile software development},
  author={Manifesto, Agile},
  year={2001}
}

@article{reiff2022hybrid,
  title={Hybrid project management--a systematic literature review},
  author={Reiff, Janine and Schlegel, Dennis},
  journal={International Journal of Information Systems and Project Management},
  volume={10},
  number={2},
  pages={45--63},
  year={2022}
}

@book{wysocki2010effective,
  title={Effective software project management},
  author={Wysocki, Robert K.},
  year={2010},
  publisher={Wiley+ORM}
}

@inproceedings{pasaric2022comparison,
  title={Comparison of Project Management Tools},
  author={Pasari{\'c}, F. and Pu{\v{s}}anik, M.},
  booktitle={CEUR Workshop Proceedings},
  year={2022}
}

@article{hoving2010ism,
  title={De ISM-Methode},
  author={Hoving, Wim and van Bon, Jan},
  journal={People},
  volume={79},
  pages={96},
  year={2010}
}

@article{last2017planning,
  title={Planning {\&} Management Methods for Migration to a Cloud Environment},
  author={Kearns, D.},
  journal={Methods},
  year={2017}
}
